<?xml version="1.0" encoding="UTF-8"?><collection xmlns="http://www.loc.gov/MARC21/slim"><record><leader>00369nam--2200121-i-4500</leader><controlfield tag="001">000003683</controlfield><controlfield tag="002">20161230</controlfield><controlfield tag="005">20161230201025</controlfield><controlfield tag="008">060222s1000------------r-----000-0-eng-d</controlfield><datafield ind1=" " ind2=" " tag="080"><subfield code="a">4754</subfield></datafield><datafield ind1=" " ind2=" " tag="100"><subfield code="a">Besliu,C.,Patrascu,M</subfield></datafield><datafield ind1=" " ind2=" " tag="245"><subfield code="a">Une methods pour determiner la masse et l ener gie des particules ionisantes a l aide des emulsions</subfield></datafield><datafield ind1=" " ind2=" " tag="260"><subfield code="a">Bucuresti,Acad,R.P.R.,1956.4p</subfield></datafield></record></collection>